% This file was created with JabRef 2.4.2.
% Encoding: Cp1252
@article{AlonsoMora:2015wi,
author = {Alonso-Mora, Javier and Knepper, Ross A and Siegwart, Roland and Rus, Daniela},
title = {{Local Motion Planning for Collaborative Multi-Robot Manipulation of Deformable Objects}},
journal = {IEEE Int. Conf. Robotics and Automation},
year = {2015},
pages = {1--8}
}

@inproceedings{YuLav13AAAI-LBP,
author = {J. Yu and S. M. LaValle},
title = { Fast, Near-Optimal Computation for Multi-robot Path Planning on Graphs},
booktitle={The Twenty-Seventh AAAI Conference on Artificial Intelligence - late breaking papers},
year={2013} }

@article{bertsekasassignment,
author = {Bertsekas, D P},
title = {{The auction algorithm: a distributed relaxation method for the assignment problem}},
journal = {Ann. Oper. Res.},
year = {1988},
volume = {14},
number = {1},
pages = {105--123},
month = jun
}

@inproceedings{kuhn55,
author = {Kuhn, H W},
title = {{The hungarian method for the assignment problem}},
booktitle = {Naval Research Logistics},
year = {1955},
pages = {83--97}
}

@inproceedings{AlonsoMora:2012df,
author = {Alonso-Mora, J and Schoch, M and Breitenmoser, A and Siegwart, R and Beardsley, P},
title = {{Object and animation display with multiple aerial vehicles}},
booktitle = {Intelligent Robots and Systems (IROS), 2012 IEEE/RSJ International Conference on},
year = {2012},
pages = {1078--1083}
}

@article{alonsomora2015auro,
author = {Alonso-Mora, Javier and Naegeli, Tobias and Siegwart, Roland and Beardsley, Paul},
title = {{Collision avoidance for aerial vehicles in multi-agent scenarios}},
journal = {Auton. Robot.},
year = {2015},
month = jan
}

@article{Derenick:ha,
author = {Derenick, Jason C and Spletzer, John R},
title = {{Convex Optimization Strategies for Coordinating Large-Scale Robot Formations}},
journal = {Robotics, IEEE Transactions on},
volume = {23},
number = {6},
pages = {1252--1259}
}

@inproceedings{Derenick:2010cc,
author = {Derenick, Jason and Spletzer, J and Kumar, V},
title = {{A semidefinite programming framework for controlling multi-robot systems in dynamic environments}},
booktitle = {Decision and Control (CDC), 2010 49th IEEE Conference on},
year = {2010},
pages = {7172--7177}
}

@article{alonsomora12ijrr,
author = {Alonso-Mora, J and Breitenmoser, A and Rufli, M and Siegwart, R and Beardsley, P},
title = {{Image and Animation Display with Multiple Robots}},
journal = {Int. Journal of Robotics Research},
year = {2012},
volume = {31},
number = {6},
pages = {753--773},
month = may
}

@inproceedings{augugliaro12,
author = {Augugliaro, Federico and Schoellig, Angela P and D'Andrea, Raffaello},
title = {{Generation of collision-free trajectories for a quadrocopter fleet: A sequential convex programming approach}},
booktitle = {IEEE/RSJ International Conference on Intelligent Robots and Systems},
year = {2012},
pages = {1917--1922}
}

@article{Saha:2014vi,
author = {Saha, I and Ramaithitima, R and Kumar, V and Pappas, G J},
title = {{Automated Composition of Motion Primitives for Multi-Robot Systems from Safe LTL Specifications}},
journal = {seas.upenn.edu
},
year = {2014}
}

@article{Kushleyev:2012wy,
author = {Kushleyev, Alex and Mellinger, Daniel and Kumar, Vijay},
title = {{Towards a swarm of agile micro quadrotors}},
journal = {Robotics: Science and Systems (RSS)},
year = {2012}
}

@inproceedings{Chen:2005bm,
author = {Chen, Yang Quan and Wang, Zhongmin},
title = {{Formation control: a review and a new consideration}},
booktitle = {Intelligent Robots and Systems, 2005. (IROS 2005). 2005 IEEE/RSJ International Conference on},
year = {2005},
pages = {3181--3186}
}

@inproceedings{Dunbar:2002fh,
author = {Dunbar, W B and Murray, R M},
title = {{Model predictive control of coordinated multi-vehicle formations}},
booktitle = {Decision and Control, 2002, Proceedings of the 41st IEEE Conference on},
year = {2002},
pages = {4631--4636}
}

@inproceedings{Ogren:2001ef,
author = {Ogren, P and Egerstedt, M and Hu, X},
title = {{A control Lyapunov function approach to multi-agent coordination}},
booktitle = {Decision and Control, 2001. Proceedings of the 40th IEEE Conference on},
year = {2001},
pages = {1150--1155}
}

@article{Ren:2008fd,
author = {Ren, Wei and Sorensen, Nathan},
title = {{Distributed coordination architecture for multi-robot formation control}},
journal = {Robotics and Autonomous Systems},
year = {2008},
volume = {56},
number = {4},
pages = {324--333},
month = apr
}

@article{Desai:2001gj,
author = {Desai, J P and Ostrowski, J P and Kumar, V},
title = {{Modeling and control of formations of nonholonomic mobile robots}},
journal = {Robotics and Automation, IEEE Transactions on},
year = {2001},
volume = {17},
number = {6},
pages = {905--908}
}

@article{GILL:2002tv,
author = {Gill, PHILIP E and Murray, WALTER and Saunders, Michael A},
title = {{SNOPT: An SQP algorithm for large-scale constrained optimization}},
journal = {SIAM journal on optimization},
year = {2002},
volume = {12},
number = {4},
pages = {979--1006}
}

@article{Balch:1998te,
author = {Balch, Tucker and Arkin, Ronald C},
title = {{Behavior-based formation control for multirobot teams}},
journal = {Robotics and Automation, IEEE Transactions on},
year = {1998},
volume = {14},
number = {6},
pages = {926--939}
}

@inproceedings{balch00,
author = {Balch, T and Hybinette, M},
title = {{Social potentials for scalable multi-robot formations}},
booktitle = {Proc. IEEE Int. Conf. Robotics and Automation},
year = {2000},
pages = {73--80 vol.1}
}

@inproceedings{michael08distrib,
author = {Michael, N and Zavlanos, M M and Kumar, V and Pappas, G J},
title = {{Distributed multi-robot task assignment and formation control}},
booktitle = {Proc. of the IEEE Int. Conf. on Robotics and Automation},
year = {2008}
}


@article{Deits:2014ta,
author = {Deits, Robin and Tedrake, Russ},
title = {{Computing large convex regions of obstacle-free space through semidefinite programming}},
journal = {Workshop on the Algorithmic Fundamentals of Robotics},
year = {2014}
}



@article{Shiller:2010vx,
author = {Shiller, Zvi and Gal, Oren and Fraichard, Thierry},
title = {{The nonlinear velocity obstacle revisited: The optimal time horizon}},
year = {2010}
}

@article{Tanner:2003jy,
author = {Tanner, H G and Loizou, S G and Kyriakopoulos, K J},
title = {{Nonholonomic navigation and control of cooperating mobile manipulators}},
journal = {Robotics and Automation, IEEE Transactions on},
year = {2003},
volume = {19},
number = {1},
pages = {53--64},
month = feb,
annote = {Centralized method
High complexity
Robot shape approximated by spheres and then collapsed to a point.
}
}


@incollection{Khalil:2010ur,
author = {Khalil, Fouad F and Payeur, Pierre},
title = {{Dexterous robotic manipulation of deformable objects with multi-sensory feedback-a review}},
booktitle = {Robot Manipulators Trends and Development},
year = {2010},
publisher = {INTECH Open Access Publisher}
}

@article{Gayle:2005wx,
author = {Gayle, Russell and Segars, Paul and Lin, Ming C and Manocha, Dinesh},
title = {{Path Planning for Deformable Robots in Complex Environments.}},
year = {2005},
volume = {2005},
pages = {225--232}
}

@article{Rus:1995tz,
author = {Rus, Daniela and Donald, Bruce and Jennings, Jim},
title = {{Moving furniture with teams of autonomous robots}},
journal = {Intelligent Robots and Systems, Proc. 1995 IEEE/RSJ Int. Conf. on},
year = {1995}
}

@article{Karaman:2011vc,
author = {Karaman, Sertac and Frazzoli, Emilio},
title = {{Sampling-based algorithms for optimal motion planning}},
journal = {The International Journal of Robotics {\ldots}},
year = {2011}
}


@book{Featherstone:2008uc,
author = {Featherstone, R.},
title = {{Rigid body dynamics algorithms}},
publisher = {Springer Berlin},
year = {2008},
volume = {49}
}

@article{Magdeburg:2013wl,
author = {Magdeburg, Fraunhofer IFF},
title = {{Factories of the future: Mobile manipulators for aerospace production}},
journal = {Press release},
year = {2013},
pages = {1--2},
month = apr
}

@article{Bischoff:2011wh,
author = {Bischoff, R. and Huggenberger, U. and Prassler, E.},
title = {{KUKA youBot-a mobile manipulator for research and education}},
journal = {IEEE Int. Conf. on Robotics and Automation (ICRA)},
year = {2011}
}

@article{Khatib:1996wt,
author = {Khatib, O. and Yokoi, K. and Chang, K. and Ruspini, D. and Holmberg, R. and Casal, A.},
title = {{Coordination and decentralized cooperation of multiple mobile manipulators}},
journal = {Journal of Robotic Systems},
year = {1996},
volume = {13},
number = {11},
pages = {755--764}
}

@article{Yamashita:2003ja,
author = {Yamashita, A. and Arai, T. and Jun O. and Asama, H.},
title = {{Motion planning of multiple mobile robots for cooperative manipulation and transportation}},
journal = {Robotics and Automation, IEEE Trans. on},
year = {2003},
volume = {19},
number = {2},
month = apr
}

@article{Tanner:1998uk,
author = {Tanner, H. G. and Kyriakopoulos, K. J. and Krikelis, N. J.},
title = {{Modeling of multiple mobile manipulators handling a common deformable object}},
journal = {Journal of Robotic Systems},
year = {1998},
volume = {15},
number = {11},
pages = {599--623}
}

@article{Sugar:2002wu,
author = {Sugar, T. G. and Kumar, V.},
title = {{Control of cooperating mobile manipulators}},
journal = {Robotics and Automation, IEEE Trans.},
year = {2002},
volume = {18},
number = {1}
}

@article{Desai:1999tb,
author = {Desai, J. P. and Kumar, V.},
title = {{Motion planning for cooperating mobile manipulators}},
journal = {Journal of Robotic Systems},
year = {1999},
volume = {16},
number = {10}
}

@article{Li:2008do,
author = {Li, Z. and Ge, S. S. and Wang, Z.},
title = {{Robust adaptive control of coordinated multiple mobile manipulators}},
journal = {Mechatronics},
year = {2008},
volume = {18},
number = {5-6},
month = jun
}

@inproceedings{Ogren:2003kn,
author = {Ogren, P. and Leonard, N. E.},
title = {{Obstacle avoidance in formation}},
booktitle = {Robotics and Automation, 2003. Proceedings. ICRA '03. IEEE International Conference on},
year = {2003},
pages = {2492--2497},
annote = {Fixed orientation of rigid formation
Controller-based + dynamic window}
}

@inproceedings{Fink:ig,
author = {Fink, J. and Hsieh, M. A. and Kumar, V.},
title = {{Multi-robot manipulation via caging in environments with obstacles}},
booktitle = {Robotics and Automation, ICRA IEEE International Conference on},
year = {2008}
}


@article{Sreenath:2013ul,
author = {Sreenath, K. and Kumar, V.},
title = {{Dynamics, Control and Planning for Cooperative Manipulation of Payloads Suspended by Cables from Multiple Quadrotor Robots}},
journal = {Robotics: Science and Systems},
year = {2013},
annote = {Centralized
Rigid object suspended from cables
}
}

@inproceedings{Ritz:uc,
author = {Ritz, R. and M{\"u}ller, M. W. and Hehn, M. and D'Andrea, R.},
title = {{Cooperative quadrocopter ball throwing and catching}},
booktitle = {Intelligent Robots and Systems (IROS), IEEE/RSJ Int. Conf. on},
year = {2012}
}

@inproceedings{Faure:2011ba,
author = {Faure, F. and Gilles, B. and Bousquet, G. and Pai, D. K.},
title = {{Sparse meshless models of complex deformable solids}},
booktitle = {ACM SIGGRAPH},
year = {2011}
}

@article{Nealen:2006vp,
author = {Nealen, A. and M{\"u}ller, M. and Keiser, R. and Boxerman, E. and Carlson, M.},
title = {{Physically based deformable models in computer graphics}},
journal = {Proc. ACM SIGGRAPH/Eurographics Symp. on Computer Animation},
year = {2005},
volume = {25},
number = {4},
pages = {809--836}
}

@article{Fiorini98motionplanning,
author = {Fiorini, P. and Shillert, Z.},
title = {{Motion Planning in Dynamic Environments using Velocity Obstacles}},
journal = {Int. Journal of Robotics Research},
year = {1998},
volume = {17},
number = {7},
pages = {760--772}
}

@article{rufli13tro,
author = {Rufli, M. and Alonso-Mora, J. and Siegwart, R.},
title = {{Reciprocal Collision Avoidance With Motion Continuity Constraints}},
journal = {Robotics, IEEE Trans. on},
year = {2013},
number = {99},
pages = {1--14}
}

@inproceedings{vandenberg09,
author = {van den Berg, J. and Guy, S. J. and Lin, M. and Manocha, D.},
title = {{Reciprocal n-body Collision Avoidance}},
booktitle = {Int. Symp. on Robotics Research},
year = {2009}
}

@article{alonsomora13icra,
author = {Alonso-Mora, J. and Rufli, M. and Siegwart, R. and Beardsley, P.},
title = {{Collision Avoidance for Multiple Agents with Joint Utility Maximization}},
journal = {Proc. of IEEE Int. Conf. on Robotics and Automation},
year = {2013}
}

@INPROCEEDINGS{alonsomora12icra,
  author = {Alonso-Mora, J. and Breitenmoser, A. and Beardsley, P. and Siegwart,
	R.},
  title = {Reciprocal Collision Avoidance for Multiple Car-like Robots},
  booktitle = {Proc. IEEE Int. Conf. Robotics and Automation},
  year = {2012},
  owner = {javiera},
  timestamp = {2011.01.31}
}

@INPROCEEDINGS{alonsomora10,
  author = {J. Alonso-Mora and A. Breitenmoser and M. Rufli and P. Beardsley
	and R. Siegwart},
  title = {Optimal Reciprocal Collision Avoidance for Multiple Non-Holonomic
	Robots},
  booktitle = {Proc. Int. Symp. on Distributed Autonomous Robotics Systems},
  year = {2010}
}

@article{sucan2012the-open-motion-planning-library,
    Author = {Ioan A. {\c{S}}ucan and Mark Moll and Lydia E. Kavraki},
    Doi = {10.1109/MRA.2012.2205651},
    Journal = {{IEEE} Robotics \& Automation Magazine},
    Month = {December},
    Number = {4},
    Pages = {72--82},
    Title = {The {O}pen {M}otion {P}lanning {L}ibrary},
    Note = {\url{http://ompl.kavrakilab.org}},
    Volume = {19},
    Year = {2012}
}
