%% This BibTeX bibliography file was created using BibDesk.
%% http://bibdesk.sourceforge.net/


%% Created for Ketan Savla at 2015-05-13 23:01:25 -0700 


%% Saved with string encoding Unicode (UTF-8) 



@article{Jadbabaie.Lin.ea:03,
	Author = {A. Jadbabaie and J. Lin and A. S. Morse},
	Date-Added = {2015-05-14 06:01:24 +0000},
	Date-Modified = {2015-05-14 06:01:24 +0000},
	Journal = {IEEE Transactions on Automatic Control},
	Number = {6},
	Pages = {988--1001},
	Title = {Coordination of Groups of Mobile Autonomous Agents Using Nearest Neighbor Rules},
	Volume = {48},
	Year = {2003}}

@article{Cortes.Martinez.ea:06,
	Author = {Cort{\'e}s, Jorge and Mart{\'\i}nez, Sonia and Bullo, Francesco},
	Date-Added = {2015-05-14 06:01:04 +0000},
	Date-Modified = {2015-05-14 06:01:04 +0000},
	Journal = {Automatic Control, IEEE Transactions on},
	Number = {8},
	Pages = {1289--1298},
	Publisher = {IEEE},
	Title = {Robust rendezvous for mobile autonomous agents via proximity graphs in arbitrary dimensions},
	Volume = {51},
	Year = {2006}}

@inproceedings{Anderson.Yu.ea:10,
	Author = {Anderson, Brian DO and Yu, Changbin and Dasgupta, Soura and Summers, Tyler H},
	Booktitle = {Proceedings of the 2nd ifac Workshop on Distributed Estimation and Control in Networked Systems},
	Date-Added = {2015-05-14 05:59:12 +0000},
	Date-Modified = {2015-05-14 05:59:28 +0000},
	Pages = {139--144},
	Title = {Controlling four agent formations},
	Year = {2010}}

@article{Cao.Morse.ea:11,
	Author = {Cao, M and Morse, AS and Yu, C and Anderson, BDO and Dasgupta, S},
	Date-Added = {2015-05-14 05:57:38 +0000},
	Date-Modified = {2015-05-14 05:57:51 +0000},
	Journal = {Communications in Information and Systems},
	Number = {1},
	Pages = {1},
	Publisher = {Citeseer},
	Title = {Maintaining a directed, triangular formation of mobile autonomous agents},
	Volume = {11},
	Year = {2011}}

@inproceedings{Eren.Belhumeur.ea:02,
	Author = {Eren, Tolga and Belhumeur, Peter N and Anderson, Brian DO and Morse, A Stephen},
	Booktitle = {Proceedings of the 15th IFAC World Congress, Barcelona, Spain},
	Date-Added = {2015-05-14 05:56:26 +0000},
	Date-Modified = {2015-05-14 05:56:46 +0000},
	Pages = {2752--2757},
	Title = {A framework for maintaining formations based on rigidity},
	Year = {2002}}

@inproceedings{Anderson:11,
	Author = {Anderson, Brian DO},
	Booktitle = {Control \&amp; Automation (MED), 2011 19th Mediterranean Conference on},
	Date-Added = {2015-05-14 05:49:22 +0000},
	Date-Modified = {2015-05-14 05:49:35 +0000},
	Organization = {IEEE},
	Pages = {656--661},
	Title = {Morse theory and formation control},
	Year = {2011}}

@article{Bullo.Frazzoli.ea:PIEEE10,
	Author = {F. Bullo and E. Frazzoli and M. Pavone and K. Savla and S. L. Smith},
	Date-Added = {2015-05-14 05:48:11 +0000},
	Date-Modified = {2015-05-14 05:48:11 +0000},
	Journal = {Proceeedings of the IEEE},
	Note = {Invited paper},
	Number = {9},
	Pages = {1482--1504},
	Title = {Dynamic Vehicle Routing for Robotic Systems},
	Volume = {99},
	Year = {2011}}
